@ARTICLE{webvideo,
  author =       {Bogdan Emanuel Ionescu et. al},
  title =        {An audio-visual approach to web video categorization},
  journal =      {Multimedia Tools and Applications},
  year =         {2014},
  volume =       {70},
  number =       {2},
  pages =        {1007-1032},
}

@ARTICLE{jose2014,
  author =       {Vahid Kazemi and Josephine Sullivan},
  title =        {One Millisecond Face Alignment with an Ensemble of Regression Trees(ERT)},
  journal =      {CVPR},
  year =         {2014},

}
@article{Fan2016,
annote = {EmotiW2016},
author = {Fan, Yin and Lu, Xiangju and Li, Dian and Liu, Yuanliu},
doi = {10.1145/2993148.2997632},
file = {:home/leon/.local/share/data/Mendeley Ltd./Mendeley Desktop/Downloaded/Fan et al. - 2016 - Video-Based Emotion Recognition using CNN- RNN and C3D Hybrid Networks Video-Based Emotion Recognition using CNN-(3).pdf:pdf},
isbn = {9781450345569},
keywords = {3d convolutional network,emotion recognition,long short,model,recurrent neural network,term memory network},
mendeley-groups = {EmotiW},
number = {October},
pages = {445--450},
title = {{Video-Based Emotion Recognition using CNN- RNN and C3D Hybrid Networks Video-Based Emotion Recognition using CNN-RNN and C3D Hybrid Networks}},
year = {2016}
}
